<record><leader>00000cas a22000007a 4500</leader><controlfield tag="001">16006794</controlfield><controlfield tag="008">870619d18791uuuiaudr ne      0    0eng d</controlfield><datafield ind1=" " ind2=" " tag="010"><subfield code="a">sn 87057670 </subfield></datafield><datafield ind1=" " ind2=" " tag="040"><subfield code="a">INP</subfield><subfield code="b">eng</subfield><subfield code="c">INP</subfield><subfield code="d">OCLCQ</subfield></datafield><datafield ind1=" " ind2=" " tag="042"><subfield code="a">msc</subfield></datafield><datafield ind1="0" ind2=" " tag="130"><subfield code="a">Morning herald (Indianola, Iowa)</subfield></datafield><datafield ind1="1" ind2="4" tag="245"><subfield code="a">The morning herald.</subfield></datafield><datafield ind1="1" ind2="3" tag="246"><subfield code="a">Indianola herald</subfield></datafield><datafield ind1="1" ind2="3" tag="246"><subfield code="a">Daily herald</subfield></datafield><datafield ind1=" " ind2=" " tag="260"><subfield code="a">Indianola, Iowa :</subfield><subfield code="b">A.J. Graham and J.W. Jones,</subfield><subfield code="c">1879-</subfield></datafield><datafield ind1=" " ind2=" " tag="300"><subfield code="a">v.</subfield></datafield><datafield ind1=" " ind2=" " tag="310"><subfield code="a">Daily</subfield></datafield><datafield ind1="0" ind2=" " tag="362"><subfield code="a">Aug. 26, 1879-</subfield></datafield><datafield ind1=" " ind2=" " tag="515"><subfield code="a">Aug. 26, 1879, issue lacks numbering but constitutes v. 1, no. 1; numbering system begins with v. 1, no. 2 (Aug. 27, 1879).</subfield></datafield><datafield ind1=" " ind2=" " tag="752"><subfield code="a">United States</subfield><subfield code="b">Iowa</subfield><subfield code="c">Warren</subfield><subfield code="d">Indianola.</subfield></datafield><datafield ind1="0" ind2=" " tag="775"><subfield code="t">Weekly Indianola herald</subfield><subfield code="w">(DLC)sn 84038201</subfield><subfield code="g">Aug. 26-&lt;Oct. 14, 1879&gt;</subfield></datafield><datafield ind1="0" ind2=" " tag="775"><subfield code="t">Evening herald (Indianola, Iowa)</subfield><subfield code="w">(DLC)sn 87057584</subfield><subfield code="g">&lt;Sept. 22-Oct. 11, 1879&gt;</subfield></datafield></record>